@article{Forouhi2014,
    author={Forouhi, Nita Gandhi and Wareham, Nicholas J.},
    title={Epidemiology of diabetes},
    journal={Medicine (Abingdon)},
    year={2014},
    month={12},
    publisher={Medicine Publishing Company Ltd},
    volume={42},
    number={12},
    pages={698-702},
    note={S1357-3039(14)00271-0[PII]},
    note={25568613[pmid]},
    issn={1357-3039},
    doi={10.1016/j.mpmed.2014.09.007}
}

@article{Cho2018,
    author={Cho, N. H.
    and Shaw, J. E.
    and Karuranga, S.
    and Huang, Y.
    and da Rocha Fernandes, J. D.
    and Ohlrogge, A. W.
    and Malanda, B.},
    title={IDF Diabetes Atlas: Global estimates of diabetes prevalence for 2017 and projections for 2045},
    journal={Diabetes Research and Clinical Practice},
    year={2018},
    month={04},
    day={01},
    publisher={Elsevier},
    volume={138},
    pages={271-281},
    issn={0168-8227},
    doi={10.1016/j.diabres.2018.02.023}
}

@article{ADA2010,
	author = {American Diabetes Association},
	title = {Diagnosis and Classification of Diabetes Mellitus},
	volume = {33},
	number = {Supplement 1},
	pages = {S62--S69},
	year = {2010},
	doi = {10.2337/dc10-S062},
	publisher = {American Diabetes Association},
	issn = {0149-5992},
	journal = {Diabetes Care}
}

@article{ADA2018,
	author = {Matthew C. Riddle},
	title = {American Diabetes Association. Standards of Medical Care in Diabetes},
	volume = {40},
	number = {7},
	pages = {e92--e93},
	year = {2017},
	doi = {10.2337/dc17-0299},
	publisher = {American Diabetes Association},
	issn = {0149-5992},
	journal = {Diabetes Care}
}

@article{Wilcox2005,
    author={Wilcox, Gisela},
    title={Insulin and insulin resistance},
    journal={Clin Biochem Rev},
    year={2005},
    month={05},
    volume={26},
    number={2},
    pages={19-39},
    note={16278749[pmid]},
    note={PMC1204764[pmcid]}
}

@article{S38,
	author = {,},
	title = {4. Lifestyle Management: Standards of Medical Care in Diabetes 2018},
	volume = {41},
	number = {Supplement 1},
	pages = {S38--S50},
	year = {2018},
	doi = {10.2337/dc18-S004},
	publisher = {American Diabetes Association},
	issn = {0149-5992},
	journal = {Diabetes Care}
}

@article{Fl2013,
    author={Florkowski, Chris},
    title={HbA1c as a Diagnostic Test for Diabetes Mellitus - Reviewing the Evidence},
    journal={Clin Biochem Rev},
    year={2013},
    month={Aug},
    publisher={The Australian Association of Clinical Biochemists},
    volume={34},
    number={2},
    pages={75-83},
    note={24151343[pmid]}
}

@article {Cooke2013,
	author = {Cooke, Debbie and Bond, Rod and Lawton, Julia and Rankin, David and Heller, Simon and Clark, Marie and Speight, Jane},
	title = {Structured Type 1 Diabetes Education Delivered Within Routine Care},
	volume = {36},
	number = {2},
	pages = {270--272},
	year = {2013},
	doi = {10.2337/dc12-0080},
	publisher = {American Diabetes Association},
	issn = {0149-5992},
	journal = {Diabetes Care}
}

@article{Facchinetti2016,
  author={Facchinetti, Andrea},
  title={Continuous Glucose Monitoring Sensors: Past, Present and Future Algorithmic Challenges},
  journal={Sensors (Basel)},
  year={2016},
  month={12},
  day={09},
  publisher={MDPI},
  volume={16},
  number={12},
  pages={2093},
  note={27941663[pmid]},
  note={PMC5191073[pmcid]},
  issn={1424-8220},
  doi={10.3390/s16122093}
}
